% Encoding: UTF-8

@book{Knuth1998,
 author = {Knuth, Donald E.},
 title = {The art of computer programming,  volume 3: (2nd ed.) sorting and searching},
 year = {1998},
 publisher = {Addison Wesley Longman Publishing Co., Inc.},
 address = {Redwood City, CA, USA}
}

@book{Pollefliet2011,
  author = {Pollefliet, Leen},
  title = {Schrijven van verslag tot eindwerk: do's en don'ts},
  year = {2011},
  publisher = {Academia Press},
  address = {Gent}
}

@article{Creeger2009,
  author = {Creeger, Mache},
  journal = {Communications of the ACM},
  number = {8},
  pages = {50--56},
  title = {{CTO Roundtable: Cloud Computing}},
  volume = {52},
  year = {2009}
}

@Article{Sanadi2022,
  author       = {Adam M Sanadi and Venkatesh Bhat},
  date         = {2022},
  journaltitle = {International Journal of Advanced Research in Science, Communication and Technology},
  title        = {A Review Paper on Natural Language Processing (NLP)},
  doi          = {10.48175/ijarsct-2685},
}

@Article{Feng2020,
  author       = {Qi Feng and D. He and Zhe Liu and Huaqun Wang and K. Choo},
  date         = {2020},
  journaltitle = {IEEE Transactions on Information Forensics and Security},
  title        = {SecureNLP: A System for Multi-Party Privacy-Preserving Natural Language Processing},
  doi          = {10.1109/TIFS.2020.2997134},
  pages        = {3709-3721},
  volume       = {15},
}

@Article{Locke2021Natural,
  author  = {Saskia Locke and A. Bashall and Sarah Al-Adely and John Moore and A. Wilson and G. Kitchen},
  title   = {Natural language processing in medicine: A review},
  doi     = {10.1016/J.TACC.2021.02.007},
  journal = {Trends in Anaesthesia and Critical Care},
  year    = {2021},
}

@Article{Jiao2019TinyBERT,
  author = {Xiaoqi Jiao and Yichun Yin and Lifeng Shang and Xin Jiang and Xiao Chen and Linlin Li and F. Wang and Qun Liu},
  title  = {TinyBERT: Distilling BERT for Natural Language Understanding},
  doi    = {10.18653/v1/2020.findings-emnlp.372},
  pages  = {4163-4174},
  year   = {2019},
}

@Article{Sun2020MobileBERT,
  author = {Zhiqing Sun and Hongkun Yu and Xiaodan Song and Renjie Liu and Yiming Yang and Denny Zhou},
  title  = {MobileBERT: a Compact Task-Agnostic BERT for Resource-Limited Devices},
  doi    = {10.18653/v1/2020.acl-main.195},
  pages  = {2158-2170},
  year   = {2020},
}

@Article{Sanh2019DistilBERT,
  author  = {Victor Sanh and Lysandre Debut and Julien Chaumond and Thomas Wolf},
  title   = {DistilBERT, a distilled version of BERT: smaller, faster, cheaper and lighter},
  volume  = {abs/1910.01108},
  journal = {ArXiv},
  year    = {2019},
}

@Article{Devlin2019,
  author = {Jacob Devlin and Ming-Wei Chang and Kenton Lee and Kristina Toutanova},
  date   = {2019},
  title  = {BERT: Pre-training of Deep Bidirectional Transformers for Language Understanding},
  doi    = {10.18653/v1/N19-1423},
  pages  = {4171-4186},
}

@Article{Vries2019,
  author       = {Wietse de Vries and Andreas van Cranenburgh and Arianna Bisazza and Tommaso Caselli and Gertjan van Noord and M. Nissim},
  date         = {2019},
  journaltitle = {ArXiv},
  title        = {BERTje: A Dutch BERT Model},
  volume       = {abs/1912.09582},
}

@Article{Bi2020,
  author       = {Mengnan Bi and Yingjie Wang and Zhipeng Cai and Xiangrong Tong},
  date         = {2020},
  journaltitle = {China Communications},
  title        = {A privacy-preserving mechanism based on local differential privacy in edge computing},
  doi          = {10.23919/JCC.2020.09.005},
  pages        = {50-65},
  volume       = {17},
}

@Article{Edwards2019,
  author       = {J. Edwards},
  date         = {2019},
  journaltitle = {IEEE Signal Processing Magazine},
  title        = {Growing Security and Privacy Threats Inspire New Approaches: Signal Processing Is Playing a Crucial Role in the Development of Next-Generation Protection Technologies [Special Reports]},
  doi          = {10.1109/MSP.2018.2873823},
  pages        = {13-16},
  volume       = {36},
}

@Article{Shah2014,
  author       = {Naitik Shah and Nisarg Desai and Viral Vashi},
  date         = {2014},
  journaltitle = {2014 International Conference on Computing for Sustainable Global Development (INDIACom)},
  title        = {Efficient Cryptography for data security},
  doi          = {10.1109/INDIACOM.2014.6828095},
  pages        = {908-910},
}

@Article{Sarker2021,
  author       = {Iqbal H. Sarker and Mohammed Moshiul Hoque and Md Kafil Uddin and Tawfeeq Alsanoosy},
  date         = {2021},
  journaltitle = {Mobile Networks and Applications},
  title        = {Mobile Data Science and Intelligent Apps: Concepts, AI-Based Modeling and Research Directions},
  doi          = {10.1007/s11036-020-01650-z},
}

@Article{Castanyer2021,
  author       = {Roger Creus Castanyer and Silverio Mart'inez-Fern'andez and Xavier Franch},
  date         = {2021},
  journaltitle = {Empirical Software Engineering},
  title        = {Which design decisions in AI-enabled mobile applications contribute to greener AI?},
  doi          = {10.1007/s10664-023-10407-7},
  volume       = {29},
}

@Article{Luo2018,
  author = {Chunjie Luo and Fan Zhang and Cheng Huang and Xingwang Xiong and Jianan Chen and Lei Wang and Wanling Gao and Hainan Ye and Tong Wu and Runsong Zhou and Jianfeng Zhan},
  date   = {2018},
  title  = {AIoT Bench: Towards Comprehensive Benchmarking Mobile and Embedded Device Intelligence},
  doi    = {10.1007/978-3-030-32813-9_4},
  pages  = {31-35},
}

@Article{Wang2023,
  author       = {Bohan Wang},
  date         = {2023},
  journaltitle = {Applied and Computational Engineering},
  title        = {The application and challenges of artificial intelligence in speech recognition},
  doi          = {10.54254/2755-2721/17/20230907},
}

@Article{Dalwadi2021,
  author       = {Darshankumar C. Dalwadi and Vatsalkumar Vipulkumar Shah and Neel Macwan},
  date         = {2021},
  journaltitle = {2021 3rd International Conference on Advances in Computing, Communication Control and Networking (ICAC3N)},
  title        = {OpenApi Workflows for Model and Format Conversion of Machine Learning Frameworks},
  doi          = {10.1109/ICAC3N53548.2021.9725682},
  pages        = {157-161},
}

@Article{Wang2022,
  author       = {Yang Wang and Bohai Yi and Kexin Yu},
  date         = {2022},
  journaltitle = {Journal of Physics: Conference Series},
  title        = {Exploration and research about key technologies concerning Deep Learning models targeting Mobile Terminals},
  doi          = {10.1088/1742-6596/2303/1/012086},
  volume       = {2303},
}

@Article{Ye2018,
  author       = {Shaokai Ye and Tianyun Zhang and Kaiqi Zhang and Jiayu Li and Jiaming Xie and Yun Liang and Sijia Liu and X. Lin and Yanzhi Wang},
  date         = {2018},
  journaltitle = {ArXiv},
  title        = {A Unified Framework of DNN Weight Pruning and Weight Clustering/Quantization Using ADMM},
  volume       = {abs/1811.01907},
}

@Comment{jabref-meta: databaseType:biblatex;}
